<?xml version="1.0" encoding="UTF-8"?>
<collection xmlns:xsi="http://www.w3.org/2001/XMLSchema-instance" xsi:schemaLocation="http://www.loc.gov/MARC21/slim http://www.loc.gov/standards/marcxml/schema/MARC21slim.xsd" xmlns="http://www.loc.gov/MARC21/slim">
<record>
  <leader>01264cam a22002291  4500</leader>
  <controlfield tag="001">3367870</controlfield>
  <controlfield tag="003">NNC</controlfield>
  <controlfield tag="005">20130426163854.0</controlfield>
  <controlfield tag="008">830125s1897    tu            000 0 arard</controlfield>
  <datafield tag="035" ind1=" " ind2=" ">
    <subfield code="a">(OCoLC)506121965</subfield>
  </datafield>
  <datafield tag="035" ind1=" " ind2=" ">
    <subfield code="a">(OCoLC)ocn506121965</subfield>
  </datafield>
  <datafield tag="035" ind1=" " ind2=" ">
    <subfield code="9">AVD2306CU</subfield>
  </datafield>
  <datafield tag="035" ind1=" " ind2=" ">
    <subfield code="a">(NNC)3367870</subfield>
  </datafield>
  <datafield tag="040" ind1=" " ind2=" ">
    <subfield code="a">NNC</subfield>
    <subfield code="c">NNC</subfield>
  </datafield>
  <datafield tag="100" ind1="1" ind2=" ">
    <subfield code="a">Ibn Malak, ʻAbd al-Laṭīf ibn ʻAbd al-ʻAzīz.</subfield>
  </datafield>
  <datafield tag="245" ind1="1" ind2="0">
    <subfield code="a">Sharḥ al-manār wa-ḥawāshīh min ʻilm al-uṣūl;</subfield>
    <subfield code="c">li-ʻAbd al-Laṭīf ibn ʻAbd al-ʻAzīz ibn al-Malak ; ʻalá matn al-Manār fī uṣūl al-fiqh li-Abī al-Barakāt ʻAbd Allāh ibn Aḥmad al-maʻrūf bi-Ḥāfiẓ al-Dīn al-Nasafī ; wa-maʻhu ḥāshiyat Yaḥyá al-Ruhāwī ; wa-qad zayyana hāmishahu bi-al-ḥashīyatan, al-awwal ḥāshiyat Muṣtafá ibn Pīr ʻAlī ibn Ahmad al-maʻrūf bi-ʻAzmīzādeh, al-thānī Anwār al-ḥalak ʻalá sharḥ al-Manār li-Ibn Malak ta'līf Muḥammad ibn Ibrāhīm al-shahīr bi-Ibn al-Ḥalabī.</subfield>
  </datafield>
  <datafield tag="260" ind1=" " ind2=" ">
    <subfield code="a">Dār Saʻādat,</subfield>
    <subfield code="b">Maṭbaʻa-i ʻOsmanīye,</subfield>
    <subfield code="c">1315 [1897].</subfield>
  </datafield>
  <datafield tag="300" ind1=" " ind2=" ">
    <subfield code="a">998 p.</subfield>
  </datafield>
  <datafield tag="600" ind1="1" ind2="0">
    <subfield code="a">Nasafī, ʻAbd Allāh ibn Aḥmad,</subfield>
    <subfield code="d">-1310.</subfield>
    <subfield code="t">Manār al-anwār fī uṣūl al-fiqh.</subfield>
  </datafield>
  <datafield tag="650" ind1=" " ind2="0">
    <subfield code="a">Islamic law.</subfield>
  </datafield>
  <datafield tag="650" ind1=" " ind2="0">
    <subfield code="a">Hanafites.</subfield>
  </datafield>
  <datafield tag="955" ind1=" " ind2=" ">
    <subfield code="b">CU59020016</subfield>
    <subfield code="d">off,glx</subfield>
    <subfield code="e">893.799 N17</subfield>
  </datafield>
</record>
</collection>